<?xml version="1.0" encoding="UTF-8"?><collection xmlns="http://www.loc.gov/MARC21/slim"><record><leader>00519nam--2200193-u-4500</leader><controlfield tag="001">000055153</controlfield><controlfield tag="002">20161230</controlfield><controlfield tag="005">20161230201052</controlfield><controlfield tag="008">121108s1000------------r-----000-0-rus-d</controlfield><datafield ind1=" " ind2=" " tag="040"><subfield code="a">IFIN-HH</subfield></datafield><datafield ind1=" " ind2=" " tag="041"><subfield code="a">rus</subfield></datafield><datafield ind1=" " ind2=" " tag="080"><subfield code="a">538.9</subfield></datafield><datafield ind1="1" ind2=" " tag="100"><subfield code="a">Stefanov, V.A</subfield></datafield><datafield ind1="1" ind2="0" tag="245"><subfield code="a">Procenosti i relaksationnie iavlenia v tverdih telah</subfield><subfield code="c">V.a. stefanov, n.n. pesceanskaia, v.v. speizman</subfield></datafield><datafield ind1=" " ind2=" " tag="260"><subfield code="a">Leningrd</subfield><subfield code="b">Nauka</subfield><subfield code="c">1984</subfield></datafield><datafield ind1=" " ind2=" " tag="300"><subfield code="a">245P</subfield></datafield><datafield ind1="1" ind2=" " tag="700"><subfield code="a">Speizman, V.V</subfield></datafield><datafield ind1=" " ind2=" " tag="852"><subfield code="a">72193</subfield><subfield code="c">539.2</subfield></datafield><datafield ind1=" " ind2=" " tag="CAT"><subfield code="a">Sys</subfield><subfield code="c">20121108</subfield><subfield code="h">111234</subfield></datafield></record></collection>